@Book{syl,
 author    = "Bernard FORTZ, Olivier MARKOWITCH",
 title     = "Algorithmique 2",
 publisher = "Presses Universitaire de Bruxelles",
 year      =  2016,
 edition   = "3Ã©me"
}


@article{johnson,
  author  = {Donald B. JOHNSON}, 
  title   = {Finding all the elementary circuits of a directed graph},
  journal = {SIAM J Comput},
  year    = 1975,
  number  = 1,
  month   = 3,
  volume  = 4
  }